<?xml version="1.0" encoding="UTF-8"?><collection xmlns="http://www.loc.gov/MARC21/slim"><record><leader>00502nam--2200169-i-4500</leader><controlfield tag="001">000042634</controlfield><controlfield tag="002">20161230</controlfield><controlfield tag="005">20161230201043</controlfield><controlfield tag="008">060222s1000------------r-----000-0-eng-d</controlfield><datafield ind1=" " ind2=" " tag="040"><subfield code="a">IFIN-H</subfield></datafield><datafield ind1=" " ind2=" " tag="080"><subfield code="a">539.163</subfield></datafield><datafield ind1="1" ind2=" " tag="100"><subfield code="a">Chandra, Subhas</subfield></datafield><datafield ind1="1" ind2="0" tag="245"><subfield code="a">Mossbauer studies of nuclear quadrupole and hyperfine interactions</subfield><subfield code="b">Dissertation</subfield><subfield code="c">Subhas chandra</subfield></datafield><datafield ind1=" " ind2=" " tag="260"><subfield code="a">Ann Arbor,Michigan</subfield><subfield code="b">University Microfilms, Inc</subfield><subfield code="c">1967</subfield></datafield><datafield ind1=" " ind2=" " tag="300"><subfield code="a">204P</subfield></datafield><datafield ind1=" " ind2=" " tag="852"><subfield code="a">32294</subfield><subfield code="c">539.163.2</subfield></datafield><datafield ind1=" " ind2=" " tag="CAT"><subfield code="a">Sys</subfield><subfield code="c">20120523</subfield><subfield code="h">151435</subfield></datafield></record></collection>